<?xml version="1.0" encoding="UTF-8"?><collection xmlns="http://www.loc.gov/MARC21/slim"><record><leader>00638nam--2200217-u-4500</leader><controlfield tag="001">000051139</controlfield><controlfield tag="002">20161230</controlfield><controlfield tag="005">20161230201049</controlfield><controlfield tag="008">080522s1000------------r-----000-0-eng-d</controlfield><datafield ind1=" " ind2=" " tag="020"><subfield code="a">0470010800</subfield></datafield><datafield ind1=" " ind2=" " tag="040"><subfield code="a">IFIN-HH</subfield></datafield><datafield ind1=" " ind2=" " tag="080"><subfield code="a">538.9:51.3</subfield></datafield><datafield ind1="1" ind2=" " tag="100"><subfield code="a">Harrison, Paul</subfield></datafield><datafield ind1="1" ind2=" " tag="245"><subfield code="a">Quantum Wells, Wires and Dots</subfield><subfield code="b">Theoretical and Computational Physics of Semiconductor Nanostructures</subfield><subfield code="c">Paul Harrison</subfield></datafield><datafield ind1=" " ind2=" " tag="250"><subfield code="a">Second Edition</subfield></datafield><datafield ind1=" " ind2=" " tag="260"><subfield code="a">Chischeter</subfield><subfield code="b">Jonh Wilwy and Sons, Inc</subfield><subfield code="c">2005</subfield></datafield><datafield ind1=" " ind2=" " tag="300"><subfield code="a">482 p</subfield></datafield><datafield ind1=" " ind2="4" tag="650"><subfield code="a">Schrodinger's equation</subfield></datafield><datafield ind1=" " ind2=" " tag="700"><subfield code="a">Paul Harrison</subfield></datafield><datafield ind1=" " ind2=" " tag="852"><subfield code="a">82084</subfield><subfield code="c">538.9</subfield></datafield><datafield ind1=" " ind2=" " tag="CAT"><subfield code="a">Sys</subfield><subfield code="c">20110104</subfield><subfield code="h">145105</subfield></datafield></record></collection>